%% To run: bibtex <file>

@article{b:bmad,
  author  = "D. Sagan",
  title   = "Bmad: A relativistic charged particle simulation library",
  journal = "Nuc. Instrum. and Methods in Phys Research A",
  volume  = "558", 
  pages   = "356-359", 
  year    = "2006",
  note    = "\url{http://www.lepp.cornell.edu/~dcs/bmad}"
}

@article{b:tao, 
  author  = "D. Sagan and J. C. Smith", 
  title   = "The {Tao} accelerator simulation program",
  journal = "Proc. 2005 Part. Accel. Conf.",
  volume  = "", 
  pages   = "4159-61", 
  year    = "2005",
  note    = "\url{http://www.lepp.cornell.edu/~dcs/bmad/tao_entry_point.html}"
}

@article{b:ilc, 
  author  = "J. C. Smith, A. Latina, D. Schulte {\em et al}",
  title   = "Comparison of tracking codes for the International Linear Collider",
  journal = "Proceedings of the 2007 Particle Accelerator Conference",
  pages   = "",
  year    = "2007"
}

@article{b:bbu, 
  author  = "J. A. Crittenden, G. H. Hoffstaetter, M. Liepe {\em et al}",
  title   = "Recent Progress On Beam-Breakup Calculations for the Cornell X-Ray {ERL}",
  journal = "Proceedings of the 2009 Particle Accelerator Conference",
  pages   = "",
  year    = "2009"
}

@article{b:touschek, 
  author  = "M. P. Ehrlichman and G. H. Hoffstaetter",
  title   = "Collimating {Touschek} Particles in an Energy Recovery Linear Accelerator",
  journal = "Proceedings of ERL09",
  pages   = "",
  year    = "2009"
}

@article{b:csr, 
  author  = "D. Sagan, G. Hoffstaetter, C. Mayes and U. Sae-Ueng",
  title   = "Extended one-dimensional method for coherent synchrotron radiation including shielding",
  journal = "Physical Review Special Topics - Accelerators and Beams",
  pages   = "040703",
  year    = "2009"
}

@article{b:electron.cloud, 
  author  = "J. A. Crittenden, D. C. Sagan, K. G. Sonnad",
  title   = "Electron Cloud Modeling for the {ILC} Damping Rings",
  journal = "Proceedings of 2011 Particle Accelerator Conference",
  pages   = "",
  year    = "2011"
}

@article{b:phase.coupling.correction,
   author = {{Sagan}, D.},
    title = "{Betatron phase and coupling correction at the Cornell Electron/Positron Storage Ring}",
  journal = "Physical Review Special Topics - Accelerators and Beams",
     year = 2000,
    month = oct,
   volume = 3,
   number = 10,
      eid = {102801},
    pages = {102801},
      doi = {10.1103/PhysRevSTAB.3.102801},
}


@article{b:opal, 
  author  = "A. Adelmann, Ch. Kraus, Y. Ineichen {\em et al}",
  title   = "The Object Oriented Parallel Accelerator Library {(OPAL)}, Design, Implementation and Application",
  journal = "Proceedings of the 2009 Particle Accelerator Conference",
  pages   = "",
  year    = "2009",
  note    = "\url{http://amas.web.psi.ch/docs/}"
}

@article{b:mad, 
  author  = "F. Christoph Iselin",
  title   = "The {MAD} program {(Methodical Accelerator Design)}",
  journal = "CERN/SL/92",
  pages   = "",
  year    = "1992"
}

@article{b:impact,
  author  = "J. Qiang, R. D. Ryne, S. Habib and V. Decyk",
  title   = "An Object-Oriented Parallel Particle-in-Cell Code for Beam Dynamics Simulation in Linear Accelerators",
  journal = "J. Comp. Phys.",
  volume  = "163",
  pages   = "434",
  year    = "2000"
}

@article{b:shadow,
  author  = "C. Welnak, G.~J.~Chena and F. Cerrina",
  title   = "{SHADOW}: A synchrotron radiation and X-ray optics simulation tool",
  journal = "Nuc. Instrum. and Methods in Phys Research A",
  pages   = "344-347",
  year    = "1994"
}

@article{b:kohn, 
  author  = "V. G. Kohn",
  title   = "On the Theory of Reflectivity by an X-Ray Multilayer Mirror",
  journal = "physica status solidi (b)",
  volume  = "187",
  pages   = "61-70",
  year    = "1995"
}

@article{b:crystal, 
  author  = "B. W. Batterman and H. Cole",
  title   = "Dynamical Diffraction of X Rays by Perfect Crystals",
  journal = "Rev. Mod. Phys.",
  volume  = "36",
  pages   = "681--717",
  year    = "1964"
}

@article{b:huotaril, 
  author  = "S. Huotari, T. Pylkk{\"{a}}nen, R. Verbeni {\em et al}",
  title   = "Direct tomography with chemical-bond contrast",
  journal = "Nature Materials, advanced online publication, 29 May 2011",
  pages   = "",
  year    = ""
}

@article{b:phase.coupling.meas, 
  author  = "D. Sagan, R. Meller, R. Littauer and D. Rubin",
  title   = "Betatron phase and coupling measurements at the {Cornell} Electron/Positron Storage Ring",
  journal = "Phys. Rev. ST Accel. Beams",
  volume  = "3", 
  pages   = "092801",
  year    = "2000",
  Note    = "Note: While the paper does not mention it, Bmad is the software being used here for the analysis."
}

@article{b:bmad.lattice.design, 
  author  = "D. Rubin and D. Sagan",
  title   = "{CESR} Lattice Design",
  journal = "Proceedings of the 2001 {IEEE} Particle Accelerator Conference",
  pages   = "",
  year    = "2001"
}

@article{b:schwinger, 
  author  = "J. Schwinger",
  title   = "On the Classical Radiation of Accelerated Electrons",
  journal = "Phys. Rev.",
  volume  = "75",
  pages   = "1912-25",
  year    = "1949"
}

@article{b:erl, 
  author  = "G.H. Hoffstaetter, B. Barstow, I.V. Bazarov {\em et al}",
  title   = "The Cornell ERL prototype project",
  journal = "Proceedings of the 2003 Particle Accelerator Conference",
  pages   = "192-194",
  year    = "2003"
}
